@misc{SCT,
    author          = {{Microsoft}},
    title           = {{Microsoft Security Complience Toolkit}},
    year            = {{2018}}, 
    month           = {{June}},
    howpublished    = {{https://docs.microsoft.com/en-us/windows/security/threat-protection/security-compliance-toolkit-10}}
}

@misc{LogonTracer,
    author          = {{JPCERT/CC}},
    title           = {{LogonTracer}},
    year            = {{2018}}, 
    month           = {{September}},
    howpublished    = {{https://github.com/JPCERTCC/LogonTracer}}
}

@misc{LogonTracerBlog,
    author          = {{Shusei Tomonaga}},
    title           = {{Visualise Event Logs to Identify Compromised Accounts - LogonTracer -}},
    year            = {{2017}}, 
    month           = {{November}},
    howpublished    = {{https://blog.jpcert.or.jp/2017/11/visualise-event-logs-to-identify-compromised-accounts---logontracer-.html
}}
}

@misc{blo2018,
    author          = {{Andrew Robbins}, {Rohan Vazarkar}, {harmj0y}},
    title           = {{BloodHound - Wiki}},
    year            = {{2018}},
    month           = {{September}},
    howpublished    = {{https://github.com/BloodHoundAD/BloodHound/wiki}}    
}

@misc{MSAppendixL,
    author          = {{Microsoft}},
    title           = {{Appendix L: Events}},
    howpublished    = {https://docs.microsoft.com/en-us/windows-server/identity/ad-ds/plan/appendix-l--events-to-monitor},
    year            = {2018},
    month           = {{July}}
}

@misc{MSADSignsOfCompromise,
    author          = {{Microsoft}},
    title           = {{Monitoring Active Directory for Signs of Compromise | Microsoft Docs}},
    howpublished    = {https://docs.microsoft.com/en-us/windows-server/identity/ad-ds/plan/security-best-practices/monitoring-active-directory-for-signs-of-compromise},
    year            = {{2017}},
    month           = {{May}}
}

@article{JPCERTDetectingLateralMovement,
    author          = {{JPCERT/CC}},
    title           = {{Detecting Lateral Movement through Tracking Event Logs}},
    journal         = {{}},
    year            = {{2017}},
    month           = {{June}}
}

@article{Abe2016,
    author          = {{Abe, Shingo}},
    title           = {{Detecting Lateral Movement in APTs - Analysis Approach on Windows Event Logs Introduction to JPCERT / CC}},
    year            = {{2016}},
    month           = {{June}}
}

@misc{MITRE,
    author          = {{MITRE ATT\&CK}},
    title           = {{MITRE ATT\&CK Website}},
    howpublished    = {{https://attack.mitre.org/}},
    year            = {{2018}},
    month           = {{September}}
}

@misc{sysmon-modular,
    author          = {{Olaf Hartong}},
    title           = {{sysmon-modular}},
    howpublished    = {{https://attack.mitre.org/}},
    year            = {{2018}},
    month           = {{October}}
}

@misc{SysmonTools,
    author          = {{Nader Shalabi}},
    title           = {{Sysmon Tools}},
    howpublished    = {{https://github.com/olafhartong/sysmon-modular}},
    year            = {{2018}},
    month           = {{October}}
}

@misc{ipstack,
    author          = {{ipstack}},
    title           = {{Locate and identify website visitors by IP address}},
    howpublished    = {{https://ipstack.com/}},
    year            = {{2018}},
    month           = {{October}}
}

@misc{AdvancedSecurityAuditing,
    author          = {{Microsoft}},
    title           = {{Advanced security auditing FAQ}},
    howpublished    = {{https://docs.microsoft.com/en-us/windows/security/threat-protection/auditing/advanced-security-auditing-faq}},
    year            = {{2017}},
    month           = {{April}}
}

@misc{GetGPResultantSetOfPolicy,
    author          = {{Microsoft}},
    title           = {{Get-GPResultantSetOfPolicy}},
    howpublished    = {{https://docs.microsoft.com/en-us/powershell/module/grouppolicy/get-gpresultantsetofpolicy?view=win10-ps}},
    year            = {{2018}},
    month           = {{October}}
}

@misc{RSoP,
    author          = {{Microsoft}},
    title           = {{RSoP - Resultant Set of Policy}},
    howpublished    = {{https://docs.microsoft.com/en-us/previous-versions/windows/it-pro/windows-server-2008-R2-and-2008/cc772175(v=ws.11)}},
    year            = {{2017}},
    month           = {{February}}
}

@misc{Get-EventLogs,
    author          = {{Microsoft}},
    title           = {{Get-EventLog}},
    howpublished    = {{https://docs.microsoft.com/en-us/powershell/module/microsoft.powershell.management/get-eventlog?view=powershell-5.1}},
    year            = {{2018}},
    month           = {{October}}
}

@misc{auditpol,
    author          = {{Microsoft}},
    title           = {{auditpol}},
    howpublished    = {{https://docs.microsoft.com/en-us/windows-server/administration/windows-commands/auditpol}},
    year            = {{2017}},
    month           = {{September}}
}

@misc{Get-WinEvent,
    author          = {{Microsoft}},
    title           = {{Get-WinEvent}},
    howpublished    = {{https://docs.microsoft.com/en-us/powershell/module/microsoft.powershell.diagnostics/get-winevent?view=powershell-6}},
    year            = {{2018}},
    month           = {{October}}
}

@misc{wevtutil,
    author          = {{Microsoft}},
    title           = {{wevtutil}},
    howpublished    = {{https://docs.microsoft.com/en-us/windows-server/administration/windows-commands/wevtutil}},
    year            = {{2017}},
    month           = {{October}}
}
@misc{CAPI2,
    author          = {{Microsoft}},
    title           = {{Troubleshooting PKI Problems on Windows Vista - CAPI2 Diagnostics in Windows Vista}},
    howpublished    = {{https://docs.microsoft.com/en-us/previous-versions/windows/it-pro/windows-vista/cc749296(v=ws.10)\#capi2-diagnostics-in-windows-vista}},
    year            = {{2008}},
    month           = {{July}}
}
@misc{CI,
    author          = {{Daniel Scott-Raynsford}},
    title           = {{Converting a PowerShell Project to use Azure DevOps Pipelines}},
    howpublished    = {{https://www.powershellmagazine.com/2018/09/20/converting-a-powershell-project-to-use-azure-devops-pipelines/}},
    year            = {{2018}},
    month           = {{September}}
}
@misc{PowerBI,
    author          = {{Microsoft}},
    title           = {{PowerBI}},
    howpublished    = {{https://powerbi.microsoft.com}},
    year            = {{2018}},
    month           = {{November}}
}
@misc{PowerShell-PDF,
author          = {{Patrick Lambert}},
    title           = {{PowerShell-PDF}},
    howpublished    = {{https://github.com/dendory/PowerShell-PDF}},
    year            = {{2015}},
    month           = {{March}}
}
@misc{Sysmon,
    author          = {{Mark Russinovich, Thomas Garnier}},
    title           = {{Sysmon - System Monitor}},
    howpublished    = {{https://docs.microsoft.com/en-us/sysinternals/downloads/sysmon}},
    year            = {{2018}},
    month           = {{July}}
}