@book{kamEinstI2017,
    author = {Stefan Kammhuber},
    title = { Führungskommunikation für Ingenieure - Einstellungsinterview },
    publisher = {Foliensatz},
    year = { 2017 }
}

@article{HWS2009,
    author = {Julia E. Hoch, Jürgen Wegge, Klaus-Helmut Schmidt},
    title = { Führen mit Zielen },
    journal = {reportpsychologie},
    year = { 2009 },
    pages = {303 - 320}
}
@book{kamZiel2017,
    author = {Stefan Kammhuber},
    title = { Führungskommunikation für Ingenieure - Zielvereinbarung },
    publisher = {Foliensatz},
    year = { 2017 }
}
@book{sche2005,
    author = {Andreas Schelten},
    title = { Grundlagen der Arbeitspädagogik },
    publisher = {Franz Steiner Verlag},
    year = { 2005 }
}
